@inproceedings{bonnifait2001data,
  title={Data fusion of four ABS sensors and GPS for an enhanced localization of car-like vehicles},
  author={Bonnifait, Philippe and Bouron, Pascal and Crubill{\'e}, Paul and Meizel, Dominique},
  booktitle={Robotics and Automation, 2001},
  organization={IEEE}
}

@inproceedings{koneru2011fuzzy,
  title={Fuzzy logic based sensor fusion for accurate tracking},
  author={Koneru, Ujwal and Redkar, Sangram and Razdan, Anshuman},
  booktitle={International Symposium on Visual Computing, 2011},
  organization={Springer}
}

@inproceedings{carroll2010analysis,
  title={An Analysis of Power Consumption in a Smartphone.},
  author={Carroll, Aaron and Heiser, Gernot},
  booktitle={USENIX annual technical conference},
  organization={Boston, MA}
}

@article{smeulders2000content,
  title={Content-based image retrieval at the end of the early years},
  author={Smeulders, Arnold WM and Worring, Marcel and Santini, Simone and Gupta, Amarnath and Jain, Ramesh},
  journal={IEEE Transactions on pattern analysis and machine intelligence}
}

@article{gudivada1995content,
  title={Content based image retrieval systems},
  author={Gudivada, Venkat N and Raghavan, Vijay V},
  publisher={IEEE}
}

@article{hotelling,
  title={Analysis of a complex of statistical variables into principal components.},
  author={Hotelling, Harold},
  journal={Journal of educational psychology},
  year={1933},
  publisher={Warwick \& York}
}

@article{activation_function,
  title={Activation Function},
  journal="\url{https://en.wikipedia.org/wiki/Activation_function/}"
}

@book{heaton2008introduction,
  title={Introduction to neural networks with Java},
  author={Heaton, Jeff},
  year={2008},
  publisher={Heaton Research}
}

@book{prml,
  title={Pattern recognition and machine learning},
  author={Bishop, Christopher M},
  year={2006},
  publisher={Springer}
}

@inproceedings{lmnn,
  title={Distance metric learning for large margin nearest neighbor classification},
  author={Weinberger, Kilian Q and Blitzer, John and Saul, Lawrence K},
  booktitle={Advances in neural information processing systems},
  year={2005}
}

@article{random_walks,
  title={Random-Walks-Graphs},
  journal="\url{https://people.math.osu.edu/husen.1/teaching/571/random_walks.pdf/}"
}

@article{bosch_best,
  title={Which is the best way to organize/classify images by content?},
  author={Bosch, Anna and Mu{\~n}oz, Xavier and Mart{\'\i}, Robert},
  journal={Image and vision computing},
  publisher={Elsevier}
}

@article{tsai2012bag,
  title={Bag-of-words representation in image annotation: A review},
  author={Tsai, Chih-Fong},
  journal={ISRN Artificial Intelligence},
  publisher={Hindawi Publishing Corporation}
}

@inproceedings{mikolajczyk2005local,
  title={Local features for object class recognition},
  author={Mikolajczyk, Krystian and Leibe, Bastian and Schiele, Bernt},
  booktitle={Computer Vision. ICCV 2005. Tenth IEEE International Conference on},
  organization={IEEE}
}

@article{tuytelaars2008local,
  title={Local invariant feature detectors: a survey},
  author={Tuytelaars, Tinne and Mikolajczyk, Krystian},
  journal={Foundations and Trends{\textregistered} in Computer Graphics and Vision},
}

@article{lowe2004distinctive,
  title={Distinctive image features from scale-invariant keypoints},
  author={Lowe, David G},
  journal={International journal of computer vision},
}

@article{quelhas2007thousand,
  title={A thousand words in a scene},
  author={Quelhas, Pedro and Monay, Florent and Odobez, Jean-Marc and Gatica-Perez, Daniel and Tuytelaars, Tinne},
  journal={Pattern Analysis and Machine Intelligence, IEEE},
}

@inproceedings{mikolajczyk2005local,
  title={Local features for object class recognition},
  author={Mikolajczyk, Krystian and Leibe, Bastian and Schiele, Bernt},
  booktitle={Computer Vision, 2005. ICCV 2005. Tenth IEEE International Conference on},
}

@article{mikolajczyk2005performance,
  title={A performance evaluation of local descriptors},
  author={Mikolajczyk, Krystian and Schmid, Cordelia},
  journal={Pattern Analysis and Machine Intelligence, IEEE Transactions on},
}

@article{zhang2007local,
  title={Local features and kernels for classification of texture and object categories: A comprehensive study},
  author={Zhang, Jianguo and Marsza{\l}ek, Marcin and Lazebnik, Svetlana and Schmid, Cordelia},
  journal={International journal of computer vision},
}

@article{jiang2010representations,
  title={Representations of keypoint-based semantic concept detection: A comprehensive study},
  author={Jiang, Yu-Gang and Yang, Jun and Ngo, Chong-Wah and Hauptmann, Alexander G},
  journal={Multimedia, IEEE},
}

@inproceedings{nister2006scalable,
  title={Scalable recognition with a vocabulary tree},
  author={Nister, David and Stewenius, Henrik},
  booktitle={Computer Vision and Pattern Recognition, 2006 IEEE Computer Society Conference},
}

@book{hartley2003multiple,
  title={Multiple view geometry in computer vision},
  author={Hartley, Richard and Zisserman, Andrew},
}

@article{cross_validation,
  title={Cross-Validation},
  journal="\url{https://en.wikipedia.org/wiki/Cross-validation_(statistics)}"
}

@inproceedings{levinson2007map,
  title={Map-Based Precision Vehicle Localization in Urban Environments.},
  author={Levinson, Jesse and Montemerlo, Michael and Thrun, Sebastian},
  booktitle={Robotics: Science and Systems},
  year={2007},
  organization={Citeseer}
}
@article{bosse2009keypoint,
  title={Keypoint Design and Evaluation for Place Recognition in 2D lidar maps},
  author={Bosse, Michael and Zlot, Robert},
  journal={Robotics and Autonomous Systems},
  year={2009},
  publisher={Elsevier}
}
@inproceedings{levinson2007map,
  title={Map-Based Precision Vehicle Localization in Urban Environments.},
  author={Levinson, Jesse and Montemerlo, Michael and Thrun, Sebastian},
  booktitle={Robotics: Science and Systems},
  year={2007},
  organization={Citeseer}
}
@article{parra2010robust,
  title={Robust Visual Odometry for Vehicle Localization in Urban Environments},
  author={Parra, Ignacio and Sotelo, MA and Llorca, David Fern{\'a}ndez and Oca{\~n}a, Manuel},
  journal={Robotica},
  year={2010},
  publisher={Cambridge Univ Press}
}
@inproceedings{wei2011intelligent,
  title={Intelligent Vehicle Localization in Urban Environments Using EKF-based Visual Odometry and GPS Fusion},
  author={Wei, Lijun and Cappelle, Cindy and Ruichek, Yassine and Zann, Fr{\'e}d{\'e}rick},
  booktitle={World Congress},
  year={2011}
}
@inproceedings{schindler2007city,
  title={City-scale Location Recognition},
  author={Schindler, Grant and Brown, Matthew and Szeliski, Richard},
  booktitle={CVPR},
  year={2007},
  organization={IEEE}
}
@inproceedings{hafez2013visual,
  title={Visual localization in Highly Crowded Urban Environments},
  author={Hafez, AH and Singh, Manpreet and Krishna, K Madhava and Jawahar, CV},
  booktitle={IROS},
  year={2013},
  organization={IEEE}
}
@inproceedings{turcot2009better,
  title={Better Matching with Fewer Features: The Selection of Useful Features in Large Database Recognition Problems},
  author={Turcot, Panu and Lowe, David G},
  booktitle={ICCV Workshops},
  year={2009},
  organization={IEEE}
}
@incollection{knopp2010avoiding,
  title={Avoiding Confusing Features in Place Recognition},
  author={Knopp, Jan and Sivic, Josef and Pajdla, Tomas},
  booktitle={ECCV},
  year={2010},
  publisher={Springer}
}
@inproceedings{wendel2012visual,
  title={Visual Landmark-based Localization for MAVs Using Incremental Feature Updates},
  author={Wendel, Andreas and Maurer, Michael and Bischof, Horst},
  booktitle={3D Imaging, Modeling, Processing, Visualization and Transmission (3DIMPVT)},
  year={2012},
  organization={IEEE}
}
@inproceedings{milford2012seqslam,
  title={SeqSLAM: Visual Route-based Navigation for Sunny Summer Days and Dtormy Winter Nights},
  author={Milford, Michael J and Wyeth, Gordon Fraser},
  booktitle={ICRA},
  year={2012},
  organization={IEEE}
}
@article{cummins2011appearance,
  title={Appearance-only SLAM at Large Scale with FAB-MAP 2.0},
  author={Cummins, Mark and Newman, Paul},
  journal={The International Journal of Robotics Research},
  year={2011},
  publisher={SAGE Publications}
}
@inproceedings{brubaker2013lost,
  title={Lost! leveraging the crowd for probabilistic visual self-localization},
  author={Brubaker, Marcus A and Geiger, Andreas and Urtasun, Raquel},
  booktitle={CVPR},
  year={2013},
  organization={IEEE}
}
@article{zielstra2013positional,
  title={Positional Accuracy Analysis of Flickr and Panoramio Images for Selected World Regions},
  author={Zielstra, Dennis and Hochmair, Hartwig H},
  journal={Journal of Spatial Science},
  year={2013},
  publisher={Taylor \& Francis}
}
@inproceedings{hays2008im2gps,
  title={IM2GPS: Estimating Geographic Information from a Single Image},
  author={Hays, James and Efros, Alexei A},
  booktitle={CVPR},
  year={2008},
  organization={IEEE}
}
@article{zamir2014image,
  title={Image Geo-localization Based on Multiple Nearest Neighbor Feature Matching Using Generalized graphs},
  author={Zamir, AR and Shah, M},
  year={2014},
  publisher={IEEE}
}
@inproceedings{lin2013cross,
  title={Cross-View Image Geolocalization},
  author={Lin, Tsung-Yi and Belongie, Serge and Hays, James},
  booktitle={CVPR},
  year={2013},
  organization={IEEE}
}
@article{ivanov2010line,
  title={On-line GPS Track Simplification Algorithm for Mobile Platforms},
  author={Ivanov, R},
  journal={Journal of Information Technologies and Control},
  year={2010}
}
@inproceedings{maier2010improved,
  title={Improved GPS Sensor Model for Mobile Robots in Urban Terrain},
  author={Maier, Daniel and Kleiner, Alexander},
  booktitle={ICRA},
  year={2010},
  organization={IEEE}
}
@inproceedings{crandall2011discrete,
  title={Discrete-continuous Optimization for Large-scale Structure from Motion},
  author={Crandall, David and Owens, Andrew and Snavely, Noah and Huttenlocher, Dan},
  booktitle={CVPR},
  year={2011},
  organization={IEEE}
}
@inproceedings{zach2010disambiguating,
  title={Disambiguating Visual Relations Using Loop Constraints},
  author={Zach, Christopher and Klopschitz, Manfred and Pollefeys, Manfred},
  booktitle={CVPR},
  year={2010},
  organization={IEEE}
}
@inproceedings{havlena2009randomized,
  title={Randomized Structure from Motion Based on Atomic 3d Models from Camera Triplets},
  author={Havlena, Michal and Torii, Akihiko and Knopp, Jan and Pajdla, Tom{\'a}s},
  booktitle={CVPR},
  year={2009},
  organization={IEEE}
}
@InProceedings{Zamir_2014_CVPR,
author = {Roshan Zamir, Amir and Ardeshir, Shervin and Shah, Mubarak},
title = {GPS-Tag Refinement Using Random Walks with an Adaptive Damping Factor},
booktitle = {CVPR},
year = {2014}
organization={IEEE}
}
@inproceedings{nister2006scalable,
  title={Scalable Recognition with a Vocabulary Tree},
  author={Nister, David and Stewenius, Henrik},
  booktitle={CVPR},
  year={2006},
  organization={IEEE}
}
@article{wuvisualsfm,
  title={Visualsfm: A Visual Structure from Motion System (2011)},
  author={Wu, Changchang},
  journal={URL http://www. cs. washington. edu/homes/ccwu/vsfm}
}
@inproceedings{wu2011multicore,
  title={Multicore Bundle Adjustment},
  author={Wu, Changchang and Agarwal, Sameer and Curless, Brian and Seitz, Steven M},
  booktitle={CVPR},
  year={2011},
  organization={IEEE}
}
@book{cox1977theory,
  title={The Theory of Stochastic Processes},
  author={Cox, David Roxbee and Miller, Hilton David},
  publisher={CRC Press}
}
@article{jing2008visualrank,
  title={Visualrank: Applying pagerank to Large-scale Image Search},
  author={Jing, Yushi and Baluja, Shumeet},
  journal={Pattern Analysis and Machine Intelligence},
  year={2008},
  publisher={IEEE}
}
@article{cummins2011appearance,
  title={Appearance-only SLAM at Large Scale with FAB-MAP 2.0},
  author={Cummins, Mark and Newman, Paul},
  journal={The International Journal of Robotics Research},
  year={2011},
  publisher={SAGE Publications}
}
@inproceedings{brubaker2013lost,
  title={Lost! Leveraging the Crowd for Probabilistic Visual Self-Localization},
  author={Brubaker, Marcus A and Geiger, Andreas and Urtasun, Raquel},
  booktitle={CVPR},
  year={2013},
  organization={IEEE}
}
@inproceedings{martin2010precise,
  title={Precise indoor localization using smart phones},
  author={Martin, Eladio and Vinyals, Oriol and Friedland, Gerald and Bajcsy, Ruzena},
  booktitle={Proceedings of the international conference on Multimedia},
  year={2010},
  organization={ACM}
}
@article{cummins2008fab,
  title={FAB-MAP: Probabilistic localization and mapping in the space of appearance},
  author={Cummins, Mark and Newman, Paul},
  journal={The International Journal of Robotics Research},
  year={2008},
  publisher={SAGE Publications}
}
@article{contour_camera,
  title={Contour+2 action camera},
  journal="\url{http://contour.com/cameras/contour2/}"
}
@inproceedings{nister2006scalable,
  title={Scalable recognition with a vocabulary tree},
  author={Nister, David and Stewenius, Henrik},
  booktitle={CVPR},
  organization={IEEE}
}

@inproceedings{Casale:2011:HAR:2021341.2021382,
 author = {Casale, Pierluigi and Pujol, Oriol and Radeva, Petia},
 title = {Human Activity Recognition from Accelerometer Data Using a Wearable Device},
 booktitle = {Proceedings of the 5th Iberian Conference on Pattern Recognition and Image Analysis},
}

@inproceedings{wu,
author = {Wu, Jiahui and Pan, Gang and Zhang, Daqing and Qi, Guande and Li, Shijian},
title = {Gesture Recognition with a 3-D Accelerometer},
booktitle = {Proceedings of the 6th International Conference on Ubiquitous Intelligence and Computing},
} 


@inproceedings{longstaff,
  author = {Longstaff, Brent and Reddy, Sasank and Estrin, Deborah},
  title = {Improving activity classification for health applications on mobile devices using active and semi-supervised learning.},
  booktitle = {Proceedings of Pervasive Health},
}


@inproceedings{weiss,
author = {Gary Weiss and Jeffrey Lockhart},
title = {The Impact of Personalization on Smartphone-Based Activity Recognition},
booktitle = {Activity Context Representation: Techniques and Languages Workshop at Association for the Advancement of Artificial Intelligence},
}

@inproceedings{Sun,
author = {Sun, Lin and Zhang, Daqing and Li, Bin and Guo, Bin and Li, Shijian},
title = {Activity Recognition on an Accelerometer Embedded Mobile Phone with Varying Positions and Orientations},
booktitle = {Proceedings of the 7th International Conference on Ubiquitous Intelligence and Computing},
} 

@article{bao,
    author = {Bao, L. and Intille, S. S.},
    title = {{Activity Recognition from User-Annotated Acceleration Data}},
    booktitle = {Pervasive Computing},
}

@inproceedings{lester,
 author = {Lester, Jonathan and Choudhury, Tanzeem and Kern, Nicky and Borriello, Gaetano and Hannaford, Blake},
 title = {A Hybrid Discriminative/Generative Approach for Modeling Human Activities},
 booktitle = {Proceedings of the 19th International Joint Conference on Artificial Intelligence},
} 

@inproceedings{ravi,
 author = {Ravi, Nishkam and Dandekar, Nikhil and Mysore, Preetham and Littman, Michael L.},
 title = {Activity Recognition from Accelerometer Data},
 booktitle = {Proceedings of the 17th Conference on Innovative Applications of Artificial Intelligence - Volume 3},
} 

@inproceedings{maurer,
 author = {Maurer, Uwe and Smailagic, Asim and Siewiorek, Daniel P. and Deisher, Michael},
 title = {Activity Recognition and Monitoring Using Multiple Sensors on Different Body Positions},
 booktitle = {Proceedings of the International Workshop on Wearable and Implantable Body Sensor Networks},
} 

@inproceedings{lester2,
 author = {Lester, Jonathan and Choudhury, Tanzeem and Borriello, Gaetano},
 title = {A Practical Approach to Recognizing Physical Activities},
 booktitle = {Proceedings of the 4th International Conference on Pervasive Computing}
} 

@article{elder,
    author = {Sixsmith, A. and Johnson, N.},
    journal = {Proceedings of the IEEE International Conference on Pervasive Computing and Communications},
    title = {{A Smart Sensor to Detect the Falls of the Elderly}}
}


@phdthesis{phd/de/Huynh2008,
  author = {Huynh, Tâm},
  title = {Human activity recognition with wearable sensors.}
}

@inproceedings{yan,
  author = {Yan, Zhixian and Subbaraju, Vigneshwaran and Chakraborty, Dipanjan and Misra, Archan and Aberer, Karl},
  booktitle = {Proceedings of 16th Annual International Symposium on Wearable Computers (ISWC)},
  title = {Energy-Efficient Continuous Activity Recognition on Mobile Phones: An Activity-Adaptive Approach.}
}

@inproceedings{rai,
author = {Rai, Angshu and Yan, Zhixian and Chakraborty, Dipanjan and Wijaya, Tri Kurniawan and Aberer, Karl},
title = {Mining Complex Activities in the Wild via a Single Smartphone Accelerometer},
booktitle = {Proceedings of the Sixth International Workshop on Knowledge Discovery from Sensor Data}
} 


@inproceedings{conf/huc/UstevIE13,
  author = {Ustev, Yunus Emre and Incel, Özlem Durmaz and Ersoy, Cem},
  booktitle = {International Joint Conference on Pervasive and Ubiquitous Computing (Adjunct Publication)},
  publisher = {ACM},
}

@inproceedings{Lu:2012:SDP:2351676.2351734,
author = {Lu, Huihua and Cukic, Bojan and Culp, Mark},
title = {Software Defect Prediction Using Semi-supervised Learning with Dimension Reduction},
booktitle = {Proceedings of the 27th IEEE/ACM International Conference on Automated Software Engineering}
} 

@inproceedings{Balasubramanian:2009:ECM:1644893.1644927,
author = {Balasubramanian, Niranjan and Balasubramanian, Aruna and Venkataramani, Arun},
title = {Energy Consumption in Mobile Phones: A Measurement Study and Implications for Network Applications},
booktitle = {Proceedings of the 9th ACM SIGCOMM Conference on Internet Measurement Conference},
publisher = {ACM}
} 

@inproceedings{DBLP:conf/mobisys/LiKamWaLLZ13,
  author    = {Robert LiKamWa and
               Yunxin Liu and
               Nicholas D. Lane and
               Lin Zhong},
  title     = {MoodScope: building a mood sensor from smartphone usage
               patterns},
  booktitle = {MobiSys}
}

@inproceedings{location,
author = {Zhuang, Zhenyun and Kim, Kyu-Han and Singh, Jatinder Pal},
title = {Improving Energy Efficiency of Location Sensing on Smartphones},
booktitle = {Proceedings of the 8th International Conference on Mobile Systems, Applications, and Services}
} 

@article{10.1371/journal.pone.0036556,
    author = {Albert, , Mark V. AND Kording, , Konrad AND Herrmann, , Megan AND Jayaraman, , Arun},
    journal = {PLoS ONE},
    publisher = {Public Library of Science},
    title = {Fall Classification by Machine Learning Using Mobile Phones}
}        

@misc{battery,
  author = {Kumar Rangarajana},
  title = {Android Battery Consumption - The What and How},
  note = {\url{http://www.slideshare.net/littleeye/power-optimization-for-android-developers}},
  year = {2012}
}

@misc{bworld,
  author = {Jeffrey Sharkey},
  title = {Coding for Life Battery Life, That Is},
  note = {\url{http://dl.google.com/io/2009/pres/W%5F0300%5FCodingforLife-BatteryLifeThatIs.pdf}},
  year = {2009}
}

@misc{chris,
  author = {Chris Shore},
  title = {Developing Power-Efficient Software Systems on ARM Platforms},
  note = {\url{http://www.iqmagazineonline.com/current/pdf/Pg48-53.pdf}},
  year = {2010}
}
@misc{jbill,
  author = {JBill Slawski},
  title = {Google Mobile Machine Learning},
  note = {\url{http://www.seobythesea.com/2013/04/google-mobile-machine-learning/}},
  year = {2013}
}

@article{survey,
  title = {Mobile phone internet user penetration worldwide from 2014 to 2019},
  journal="\url{http://www.statista.com/statistics/284202/mobile-phone-internet-user-penetration-worldwide/}"
}
@article{scite_learn_framework,
  title={Scit-Learn},
  journal="\url{https://scikit-learn.org/stable/modules/generated/sklearn.neural_network.MLPClassifier.html}"
}

@article{hilton_web_archive,
  title={Introduction to neural networks with Java},
  journal="\url{https://www.heatonresearch.com/2017/06/01/hidden-layers.html}"
}
